@inproceedings{khritankov2021hidden,
  title={Hidden feedback loops in machine learning systems: A simulation model and preliminary results},
  author={Khritankov, Anton},
  booktitle={Software Quality: Future Perspectives on Software Engineering Quality: 13th International Conference, SWQD 2021, Vienna, Austria, January 19--21, 2021, Proceedings 13},
  pages={54--65},
  year={2021},
  organization={Springer}
}

@inproceedings{ensign2018runaway,
  title={Runaway feedback loops in predictive policing},
  author={Ensign, Danielle and Friedler, Sorelle A and Neville, Scott and Scheidegger, Carlos and Venkatasubramanian, Suresh},
  booktitle={Conference on fairness, accountability and transparency},
  pages={160--171},
  year={2018},
  organization={PMLR}
}

@inproceedings{adam2022error,
  title={Error amplification when updating deployed machine learning models},
  author={Adam, George Alexandru and Chang, Chun-Hao Kingsley and Haibe-Kains, Benjamin and Goldenberg, Anna},
  booktitle={Machine Learning for Healthcare Conference},
  pages={715--740},
  year={2022},
  organization={PMLR}}
  %url= {https://proceedings.mlr.press/v182/adam22a.html}
%}