@inproceedings{khritankov2021hidden,
  title={Hidden feedback loops in machine learning systems: A simulation model and preliminary results},
  author={Khritankov, Anton},
  booktitle={Software Quality: Future Perspectives on Software Engineering Quality: 13th International Conference, SWQD 2021, Vienna, Austria, January 19--21, 2021, Proceedings 13},
  pages={54--65},
  year={2021},
  organization={Springer}
}

@article{khritankov2023positive,
  title={Positive feedback loops lead to concept drift in machine learning systems},
  author={Khritankov, Anton},
  journal={Applied Intelligence},
  volume={53},
  number={19},
  pages={22648--22666},
  year={2023},
  publisher={Springer}
}

@inproceedings{taori2023data,
  title={Data feedback loops: Model-driven amplification of dataset biases},
  author={Taori, Rohan and Hashimoto, Tatsunori},
  booktitle={International Conference on Machine Learning},
  pages={33883--33920},
  year={2023},
  organization={PMLR}
}

@inproceedings{adam2022error,
  title={Error amplification when updating deployed machine learning models},
  author={Adam, George Alexandru and Chang, Chun-Hao Kingsley and Haibe-Kains, Benjamin and Goldenberg, Anna},
  booktitle={Machine Learning for Healthcare Conference},
  pages={715--740},
  year={2022},
  organization={PMLR}
}

@inproceedings{adam2020hidden,
  title={Hidden risks of machine learning applied to healthcare: unintended feedback loops between models and future data causing model degradation},
  author={Adam, George Alexandru and Chang, Chun-Hao Kingsley and Haibe-Kains, Benjamin and Goldenberg, Anna},
  booktitle={Machine Learning for Healthcare Conference},
  pages={710--731},
  year={2020},
  organization={PMLR}
}

@article{rowland2011filter,
  title={The filter bubble: What the internet is hiding from you},
  author={Rowland, Fred},
  journal={portal: Libraries and the Academy},
  volume={11},
  number={4},
  pages={1009--1011},
  year={2011},
  publisher={Johns Hopkins University Press}
}

@article{davies2018redefining,
  title={Redefining filter bubbles as (escapable) socio-technical recursion},
  author={Davies, Huw C},
  journal={Sociological Research Online},
  volume={23},
  number={3},
  pages={637--654},
  year={2018},
  publisher={SAGE Publications Sage UK: London, England}
}

@article{guess2018avoiding,
  title={Avoiding the echo chamber about echo chambers},
  author={Guess, Andrew and Nyhan, Brendan and Lyons, Benjamin and Reifler, Jason},
  journal={Knight Foundation},
  volume={2},
  number={1},
  pages={1--25},
  year={2018}
}

@article{terren2021echo,
  title={Echo chambers on social media: A systematic review of the literature},
  author={Terren, Ludovic Terren Ludovic and Borge-Bravo, Rosa Borge-Bravo Rosa},
  journal={Review of Communication Research},
  volume={9},
  year={2021}
}

@inproceedings{veprikov2023mmro,
  title={Математическая модель эффекта обратной связи в системах искусственного интеллекта},
  author={Веприков, Андрей and Афанасьев, Александр and Хританков, Антон},
  booktitle={Сборник тезисов 21-й Всероссийской конференции Математические методы распознавания образов (ММРО-21)},
  pages={35--37},
  year={2023},
  organization={Российская академия наук},
  language={russian}
}

@misc{veprikov2024mathematical,
      title={A Mathematical Model of the Hidden Feedback Loop Effect in Machine Learning Systems}, 
      author={Andrey Veprikov and Alexander Afanasiev and Anton Khritankov},
      year={2024},
      eprint={2405.02726},
      archivePrefix={arXiv},
      primaryClass={cs.LG}
}

@inproceedings{mmro2023,
    author = {Веприков, А. С. and Афанасьев, А. П. and Хританков, А. С.},
    title = {Математическая модель эффекта обратной связив системах искусственного интеллекта},
    booktitle = {Математические методы распознавания образов: Тезисы докладов 21-й Всероссийской конференции с международным участием, г. Москва},
    year = {2023},
    volume = {12},
    pages = {35--37},
    publisher = {Российская академия наук},
    address = {Москва},
    language = {russian}
}
