@article{ma2020machine,
  title={Machine learning from a continuous viewpoint, I},
  author={Ma, Chao and Wu, Lei and others},
  journal={Science China Mathematics},
  volume={63},
  number={11},
  pages={2233--2266},
  year={2020},
  publisher={Springer}
}

@inproceedings{khritankov2021existence,
  title={Existence conditions for hidden feedback loops in online recommender systems},
  author={Khritankov, Anton and Pilkevich, Anton},
  booktitle={Web Information Systems Engineering--WISE 2021: 22nd International Conference on Web Information Systems Engineering, WISE 2021, Melbourne, VIC, Australia, October 26--29, 2021, Proceedings, Part II 22},
  pages={267--274},
  year={2021},
  organization={Springer},
  doi={10.1007/978-3-030-91560-5_19}
}

@inproceedings{jiang2019degenerate,
  title={Degenerate feedback loops in recommender systems},
  author={Jiang, Ray and Chiappa, Silvia and Lattimore, Tor and Gy{\"o}rgy, Andr{\'a}s and Kohli, Pushmeet},
  booktitle={Proceedings of the 2019 AAAI/ACM Conference on {AI}, Ethics, and Society},
  pages={383--390},
  year={2019}
}

@inproceedings{adam2020hidden,
  title={Hidden risks of machine learning applied to healthcare: unintended feedback loops between models and future data causing model degradation},
  author={Adam, George Alexandru and Chang, Chun-Hao Kingsley and Haibe-Kains, Benjamin and Goldenberg, Anna},
  booktitle={Machine Learning for Healthcare Conference},
  pages={710--731},
  year={2020},
  organization={PMLR}}
  %url={https://proceedings.mlr.press/v126/adam20a.html}
%}

@article{sinha2016deconvolving,
  title={Deconvolving feedback loops in recommender systems},
  author={Sinha, Ayan and Gleich, David F and Ramani, Karthik},
  journal={Advances in neural information processing systems},
  volume={29},
  year={2016}
}

@inproceedings{ensign2018runaway,
  title={Runaway feedback loops in predictive policing},
  author={Ensign, Danielle and Friedler, Sorelle A and Neville, Scott and Scheidegger, Carlos and Venkatasubramanian, Suresh},
  booktitle={Conference on fairness, accountability and transparency},
  pages={160--171},
  year={2018},
  organization={PMLR}
}

@inproceedings{khritankov2021hidden,
  title={Hidden feedback loops in machine learning systems: A simulation model and preliminary results},
  author={Khritankov, Anton},
  booktitle={Software Quality: Future Perspectives on Software Engineering Quality: 13th International Conference, SWQD 2021, Vienna, Austria, January 19--21, 2021, Proceedings 13},
  pages={54--65},
  year={2021},
  organization={Springer},
  doi={10.1007/978-3-030-65854-0_5}
}

@book{katok1995introduction,
  title={Introduction to the modern theory of dynamical systems},
  author={Katok, Anatole and Hasselblatt, Boris},
  year={1995},
  publisher={Cambridge university press},
  doi = {10.3934/dcds.2013.33.1451}
}

@book{nemytskii2015qualitative,
  title={Qualitative theory of differential equations},
  author={Nemytskii, Viktor Vladimirovich},
  volume={2083},
  year={2015},
  publisher={Princeton University Press},
  doi={10.1515/9781400875955}
}

@article{tarlowski2017global,
  title={Global convergence of discrete-time inhomogeneous {M}arkov processes from dynamical systems perspective},
  author={Tar{\l}owski, Dawid},
  journal={Journal of Mathematical Analysis and Applications},
  volume={448},
  number={2},
  pages={1489--1512},
  year={2017},
  publisher={Elsevier}
}

@article{varvenne2019rate,
author = {Maylis Varvenne},
title = {{Rate of convergence to equilibrium for discrete-time stochastic dynamics with memory}},
volume = {25},
journal = {Bernoulli},
number = {4B},
publisher = {Bernoulli Society for Mathematical Statistics and Probability},
pages = {3234 -- 3275},
keywords = {discrete stochastic dynamics, Lyapunov function, Rate of convergence to equilibrium, stationary Gaussian noise, Toeplitz operator, total variation distance},
year = {2019},
doi = {10.3150/18-BEJ1089},
URL = {https://doi.org/10.3150/18-BEJ1089}
}

@article{vershik2005does,
  title={What does a typical {M}arkov operator look like?},
  author={Vershik, Anatolii Moiseevich},
  journal={Algebra i Analiz},
  volume={17},
  number={5},
  pages={91--104},
  year={2005},
  publisher={St. Petersburg Department of Steklov Institute of Mathematics, Russian~…}
}

@article{pap1996fixed,
  title={A fixed point theorem in probabilistic metric spaces and an application},
  author={Pap, E and Had{\v{z}}i{\'c}, O and Mesiar, R},
  journal={Journal of Mathematical Analysis and Applications},
  volume={202},
  number={2},
  pages={433--449},
  year={1996},
  publisher={Elsevier}
}

@book{shiryaev2016probability,
  title={Probability-1},
  author={Shiryaev, Albert N},
  volume={95},
  year={2016},
  publisher={Springer}
}

@book{kolmogorov1957elements,
  title={Elements of the theory of functions and functional analysis},
  author={Kolmogorov, Andre{\u\i} Nikolaevich and Fomin, Serge{\u\i} Vasil`evich},
  volume={1},
  year={1957},
  publisher={Courier Corporation}
}

@book{rudin1991functional,
  title={Functional Analysis},
  author={Rudin, W.},
  isbn={9780070542365},
  lccn={lc90005677},
  series={International series in pure and applied mathematics},
  url={https://books.google.ru/books?id=Sh\_vAAAAMAAJ},
  year={1991},
  publisher={McGraw-Hill}
}

@book{rudin2006real,
  title={Real and Complex Analysis},
  author={Rudin, W.},
  isbn={9780070619876},
  series={McGraw-Hill series in higher mathematics},
  url={https://books.google.ru/books?id=3d8umJoRd08C},
  year={2006},
  publisher={Tata McGraw-Hill}
}

@article{dvoretzky1956asymptotic,
  title={Asymptotic minimax character of the sample distribution function and of the classical multinomial estimator},
  author={Dvoretzky, Aryeh and Kiefer, Jack and Wolfowitz, Jacob},
  journal={The Annals of Mathematical Statistics},
  pages={642--669},
  year={1956},
  publisher={JSTOR}}
  %URL = {http://www.jstor.org/stable/2237374}
%}

@article{bottou2013counterfactual,
  title={Counterfactual Reasoning and Learning Systems: The Example of Computational Advertising.},
  author={Bottou, L{\'e}on and Peters, Jonas and Qui{\~n}onero-Candela, Joaquin and Charles, Denis X and Chickering, D Max and Portugaly, Elon and Ray, Dipankar and Simard, Patrice and Snelson, Ed},
  journal={Journal of Machine Learning Research},
  volume={14},
  number={11},
  year={2013}
}

@article{sculley2015hidden,
  title={Hidden technical debt in machine learning systems},
  author={Sculley, David and Holt, Gary and Golovin, Daniel and Davydov, Eugene and Phillips, Todd and Ebner, Dietmar and Chaudhary, Vinay and Young, Michael and Crespo, Jean-Francois and Dennison, Dan},
  journal={Advances in neural information processing systems},
  volume={28},
  year={2015}
}

@article{davies2018redefining,
author = {Huw C Davies},
title ={Redefining Filter Bubbles as (Escapable) Socio-Technical Recursion},
journal = {Sociological Research Online},
volume = {23},
number = {3},
pages = {637-654},
year = {2018},
doi = {10.1177/1360780418763824}
}

@article{spohr2017fake,
  title={Fake news and ideological polarization: Filter bubbles and selective exposure on social media},
  author={Spohr, Dominic},
  journal={Business information review},
  volume={34},
  number={3},
  pages={150--160},
  year={2017},
  publisher={SAGE Publications Sage UK: London, England},
  doi={10.1177/0266382117722446}
}

@inproceedings{michiels2022filter,
  title={What are filter bubbles really? A review of the conceptual and empirical work},
  author={Michiels, Lien and Leysen, Jens and Smets, Annelien and Goethals, Bart},
  booktitle={Adjunct Proceedings of the 30th ACM Conference on User Modeling, Adaptation and Personalization},
  pages={274--279},
  year={2022},
  doi={10.1145/3511047.3538028}
}

@article{chouldechova2020snapshot, 
    author = {Chouldechova, Alexandra and Roth, Aaron}, 
    title = {A Snapshot of the Frontiers of Fairness in Machine Learning}, 
    year = {2020}, 
    issue_date = {May 2020}, 
    publisher = {Association for Computing Machinery}, 
    address = {New York, NY, USA}, 
    volume = {63}, 
    number = {5}, 
    issn = {0001-0782}, 
    doi = {10.1145/3376898}, 
    abstract = {A group of industry, academic, and government experts convene in Philadelphia to explore the roots of algorithmic bias.}, 
    journal = {Commun. ACM}, 
    month = {apr}, 
    pages = {82–89}, 
    numpages = {8} 
}

@article{khritankov2023positive,
  title={Positive feedback loops lead to concept drift in machine learning systems},
  author={Khritankov, Anton},
  journal={Applied Intelligence},
  pages={1--19},
  year={2023},
  publisher={Springer},
  doi={10.1007/s10489-023-04615-3}
}

@INPROCEEDINGS{9289802,
  author={Ghani, Nur Laila Ab and Aziz, Izzatdin Abdul and Mehat, Mazlina},
  booktitle={2020 IEEE Conference on Big Data and Analytics (ICBDA)}, 
  title={Concept Drift Detection on Unlabeled Data Streams: A Systematic Literature Review}, 
  year={2020},
  volume={},
  number={},
  pages={61-65},
  doi={10.1109/ICBDA50157.2020.9289802}
}

@inproceedings{cai2019human,
  title={Human-centered tools for coping with imperfect algorithms during medical decision-making},
  author={Cai, Carrie J and Reif, Emily and Hegde, Narayan and Hipp, Jason and Kim, Been and Smilkov, Daniel and Wattenberg, Martin and Viegas, Fernanda and Corrado, Greg S and Stumpe, Martin C and others},
  booktitle={Proceedings of the 2019 chi conference on human factors in computing systems},
  pages={1--14},
  year={2019}
}

@inproceedings{moh2020transforming,
  title={Transforming business decision making with internet of things (IoT) and machine learning (ML)},
  author={Moh'd Ali, Mahmood Asad and Basahr, Abu and Rabbani, Mustafa Raza and Abdulla, Yomna},
  booktitle={2020 International Conference on Decision Aid Sciences and Application (DASA)},
  pages={674--679},
  year={2020},
  organization={IEEE}
}

@inproceedings{suresh2020misplaced,
  title={Misplaced trust: Measuring the interference of machine learning in human decision-making},
  author={Suresh, Harini and Lao, Natalie and Liccardi, Ilaria},
  booktitle={Proceedings of the 12th ACM Conference on Web Science},
  pages={315--324},
  year={2020},
  doi={10.1145/3394231.3397922}
}

@inproceedings{serban2021practices,
  title={Practices for engineering trustworthy machine learning applications},
  author={Serban, Alex and van der Blom, Koen and Hoos, Holger and Visser, Joost},
  booktitle={2021 {IEEE/ACM} 1st Workshop on {AI} engineering-software engineering for {AI} ({WAIN})},
  pages={97--100},
  year={2021},
  organization={IEEE},
  doi={10.1109/WAIN52551.2021.00021}
}

@inproceedings{wickramasinghe2020trustworthy,
  title={Trustworthy {AI} development guidelines for human system interaction},
  author={Wickramasinghe, Chathurika S and Marino, Daniel L and Grandio, Javier and Manic, Milos},
  booktitle={2020 13th International Conference on Human System Interaction (HSI)},
  pages={130--136},
  year={2020},
  organization={IEEE}
}

@article{xiong2022towards,
  title={Towards a robust and trustworthy machine learning system development: An engineering perspective},
  author={Xiong, Pulei and Buffett, Scott and Iqbal, Shahrear and Lamontagne, Philippe and Mamun, Mohammad and Molyneaux, Heather},
  journal={Journal of Information Security and Applications},
  volume={65},
  pages={103121},
  year={2022},
  publisher={Elsevier}
}

@inproceedings{liu2018delayed,
  title={Delayed impact of fair machine learning},
  author={Liu, Lydia T and Dean, Sarah and Rolf, Esther and Simchowitz, Max and Hardt, Moritz},
  booktitle={International Conference on Machine Learning},
  pages={3150--3158},
  year={2018},
  organization={PMLR}
}

@inproceedings{hu2018short,
  title={A short-term intervention for long-term fairness in the labor market},
  author={Hu, Lily and Chen, Yiling},
  booktitle={Proceedings of the 2018 World Wide Web Conference},
  pages={1389--1398},
  year={2018}
}

@book{feller1991introduction,
  title={An introduction to probability theory and its applications, Volume 2},
  author={Feller, William},
  volume={81},
  year={1991},
  publisher={John Wiley \& Sons},
  doi={10.1063/1.3034322}
}


@misc{cais2023statementairisk, 
  title={{Statement on {AI} Risk}}, 
  howpublished={\url{https://www.safe.ai/statement-on-ai-risk}}, 
  author={CAIS},
  note={Accessed: 2023-09-03},
  year={2023}
} 


@inproceedings{toreini2020relationship,
  title={The relationship between trust in {AI} and trustworthy machine learning technologies},
  author={Toreini, Ehsan and Aitken, Mhairi and Coopamootoo, Kovila and Elliott, Karen and Zelaya, Carlos Gonzalez and Van Moorsel, Aad},
  booktitle={Proceedings of the 2020 conference on fairness, accountability, and transparency},
  pages={272--283},
  year={2020},
  doi={10.1145/3351095.3372834}
}

@inproceedings{siebert2020towards,
  title={Towards guidelines for assessing qualities of machine learning systems},
  author={Siebert, Julien and Joeckel, Lisa and Heidrich, Jens and Nakamichi, Koji and Ohashi, Kyoko and Namba, Isao and Yamamoto, Rieko and Aoyama, Mikio},
  booktitle={Quality of Information and Communications Technology: 13th International Conference, QUATIC 2020, Faro, Portugal, September 9--11, 2020, Proceedings 13},
  pages={17--31},
  year={2020},
  organization={Springer},
  doi={10.1007/978-3-030-58793-2_2}
}

@article{cheng2021socially,
  title={Socially responsible {AI} algorithms: Issues, purposes, and challenges},
  author={Cheng, Lu and Varshney, Kush R and Liu, Huan},
  journal={Journal of Artificial Intelligence Research},
  volume={71},
  pages={1137--1181},
  year={2021},
  doi={10.1613/jair.1.12814}
}

@article{bommasani2021opportunities,
  title={On the opportunities and risks of foundation models},
  author={Bommasani, Rishi and Hudson, Drew A and Adeli, Ehsan and Altman, Russ and Arora, Simran and von Arx, Sydney and Bernstein, Michael S and Bohg, Jeannette and Bosselut, Antoine and Brunskill, Emma and others},
  journal={arXiv preprint arXiv:2108.07258},
  year={2021}
}

@inproceedings{wojcik2022foundation,
  title={Foundation Models in Healthcare: Opportunities, Biases and Regulatory Prospects in Europe},
  author={W{\'o}jcik, Malwina Anna},
  booktitle={International Conference on Electronic Government and the Information Systems Perspective},
  pages={32--46},
  year={2022},
  organization={Springer}
}

@article{milnor2018analytic,
author = {John Milnor},
title = {Analytic Proofs of the “Hairy Ball Theorem” and the Brouwer Fixed Point Theorem},
journal = {The American Mathematical Monthly},
volume = {85},
number = {7},
pages = {521-524},
year  = {1978},
publisher = {Taylor & Francis},
doi = {10.1080/00029890.1978.11994635}}
%URL = {https://doi.org/10.1080/00029890.1978.11994635}
%}

@book{galor2007discrete,
  title={Discrete dynamical systems},
  author={Galor, Oded},
  year={2007},
  publisher={Springer Science \& Business Media},
  doi={10.1007/3-540-36776-4}
}

@book{sandefur1990discrete,
  title={Discrete dynamical systems: Theory and applications},
  author={Sandefur, James T},
  year={1990},
  publisher={Clarendon Press}
}

@article{sculley2015hidden,
  title={Hidden technical debt in machine learning systems},
  author={Holt, Gary and Golovin, Daniel and Davydov, Eugene and Phillips, Todd and Ebner, Dietmar and Chaudhary, Vinay and Young, Michael and Crespo, Jean-Francois and Dennison, Dan},
  journal={Advances in neural information processing systems},
  volume={28},
  year={2015}
}

@inproceedings{taori2023data,
  title={Data feedback loops: Model-driven amplification of dataset biases},
  author={Taori, Rohan and Hashimoto, Tatsunori},
  booktitle={International Conference on Machine Learning},
  pages={33883--33920},
  year={2023},
  organization={PMLR}
}

@inproceedings{adam2022error,
  title={Error amplification when updating deployed machine learning models},
  author={Adam, George Alexandru and Chang, Chun-Hao Kingsley and Haibe-Kains, Benjamin and Goldenberg, Anna},
  booktitle={Machine Learning for Healthcare Conference},
  pages={715--740},
  year={2022},
  organization={PMLR}}
  %url= {https://proceedings.mlr.press/v182/adam22a.html}
%}

@article{pemantle2007survey,
  title={A survey of random processes with reinforcement},
  author={Pemantle, Robin},
  journal={Probability Surveys},
  volume={4},
  pages={1--79},
  year={2007}
}

@article{sifakis2023trustworthy,
  title={Trustworthy Autonomous System Development},
  author={Sifakis, Joseph and Harel, David},
  journal={ACM Transactions on Embedded Computing Systems},
  volume={22},
  number={3},
  pages={1--24},
  year={2023},
  publisher={ACM New York, NY},
  doi={10.1145/3545178}
}

@inproceedings{pei2022requirements,
  title={Requirements engineering for machine learning: a review and reflection},
  author={Pei, Zhongyi and Liu, Lin and Wang, Chen and Wang, Jianmin},
  booktitle={2022 IEEE 30th International Requirements Engineering Conference Workshops (REW)},
  pages={166--175},
  year={2022},
  organization={IEEE},
  doi={10.1109/REW56159.2022.00039}
}

@article{li2023trustworthy,
  title={Trustworthy {AI}: {F}rom principles to practices},
  author={Li, Bo and Qi, Peng and Liu, Bo and Di, Shuai and Liu, Jingen and Pei, Jiquan and Yi, Jinfeng and Zhou, Bowen},
  journal={ACM Computing Surveys},
  volume={55},
  number={9},
  pages={1--46},
  year={2023},
  publisher={ACM New York, NY},
  doi={10.1145/3555803}
}

@article{he2021challenges,
  title={The challenges and opportunities of human-centered {AI} for trustworthy robots and autonomous systems},
  author={He, Hongmei and Gray, John and Cangelosi, Angelo and Meng, Qinggang and McGinnity, T Martin and Mehnen, J{\"o}rn},
  journal={IEEE Transactions on Cognitive and Developmental Systems},
  volume={14},
  number={4},
  pages={1398--1412},
  year={2021},
  publisher={IEEE},
  doi={10.1109/TCDS.2021.3132282}
}


@inproceedings{khritankov2021mldev,
  title={MLDev: Data Science Experiment Automation and Reproducibility Software},
  author={Khritankov, Anton and Pershin, Nikita and Ukhov, Nikita and Ukhov, Artem},
  booktitle={International Conference on Data Analytics and Management in Data Intensive Domains},
  pages={3--18},
  year={2021},
  organization={Springer},
  doi={10.1007/978-3-031-12285-9_1}
}

@article{pauline2022observer,
title = {Observer design for continuous-time dynamical systems},
journal = {Annual Reviews in Control},
volume = {53},
pages = {224-248},
year = {2022},
issn = {1367-5788},
doi = {10.1016/j.arcontrol.2021.11.002},
author = {Pauline Bernard and Vincent Andrieu and Daniele Astolfi},
}

@article{ouannas2017simple,
  title={On a simple approach for QS synchronisation of chaotic dynamical systems in continuous-time},
  author={Ouannas, Adel and Azar, Ahmad Taher and Vaidyanathan, Sundarapandian},
  journal={International Journal of Computing Science and Mathematics},
  volume={8},
  number={1},
  pages={20--27},
  year={2017},
  publisher={Inderscience Publishers (IEL)},
  doi={10.1504/IJCSM.2017.083167}
}

@book{zhang2006discrete,
  title={Discrete dynamical systems, bifurcations and chaos in economics},
  author={Zhang, Wei-Bin},
  year={2006},
  publisher={Elsevier}
}

@article{sharma2015uniform,
  title={Uniform Convergence and dynamical behavior of a discrete dynamical system},
  author={Sharma, Puneet and others},
  journal={Journal of Applied Mathematics and Physics},
  volume={3},
  number={07},
  pages={766},
  year={2015},
  publisher={Scientific Research Publishing},
  doi={10.4236/jamp.2015.37093}
}

@article{friedman1991multivariate,
  title={Multivariate adaptive regression splines},
  author={Friedman, Jerome H},
  journal={The annals of statistics},
  volume={19},
  number={1},
  pages={1--67},
  year={1991},
  publisher={Institute of Mathematical Statistics}
}

@article{pedregosa2011scikit,
 title={Scikit-learn: Machine Learning in {P}ython},
 author={Pedregosa, F. and Varoquaux, G. and Gramfort, A. and Michel, V.
         and Thirion, B. and Grisel, O. and Blondel, M. and Prettenhofer, P.
         and Weiss, R. and Dubourg, V. and Vanderplas, J. and Passos, A. and
         Cournapeau, D. and Brucher, M. and Perrot, M. and Duchesnay, E.},
 journal={Journal of Machine Learning Research},
 volume={12},
 pages={2825--2830},
 year={2011}
}

@article{d1971omnibus,
  title={An omnibus test of normality for moderate and large size samples},
  author={d'Agostino, Ralph B},
  journal={Biometrika},
  volume={58},
  number={2},
  pages={341--348},
  year={1971},
  publisher={Oxford University Press}
}

@article{itoh1977random,
title = {Random fixed point theorems with an application to random differential equations in Banach spaces},
journal = {Journal of Mathematical Analysis and Applications},
volume = {67},
number = {2},
pages = {261-273},
year = {1979},
issn = {0022-247X},
doi = {https://doi.org/10.1016/0022-247X(79)90023-4},
url = {https://www.sciencedirect.com/science/article/pii/0022247X79900234},
author = {Shigeru Itoh}
}

@article{silverman1986density,
  title={Density estimation for statistics and data analysis},
  author={Silverman, BW},
  journal={Monographs on Statistics and Applied Probability},
  year={1986}
}

@ARTICLE{virtanen2020SciPy,
  author  = {Virtanen, Pauli and Gommers, Ralf and Oliphant, Travis E. and
            Haberland, Matt and Reddy, Tyler and Cournapeau, David and
            Burovski, Evgeni and Peterson, Pearu and Weckesser, Warren and
            Bright, Jonathan and {van der Walt}, St{\'e}fan J. and
            Brett, Matthew and Wilson, Joshua and Millman, K. Jarrod and
            Mayorov, Nikolay and Nelson, Andrew R. J. and Jones, Eric and
            Kern, Robert and Larson, Eric and Carey, C J and
            Polat, {\.I}lhan and Feng, Yu and Moore, Eric W. and
            {VanderPlas}, Jake and Laxalde, Denis and Perktold, Josef and
            Cimrman, Robert and Henriksen, Ian and Quintero, E. A. and
            Harris, Charles R. and Archibald, Anne M. and
            Ribeiro, Ant{\^o}nio H. and Pedregosa, Fabian and
            {van Mulbregt}, Paul and {SciPy 1.0 Contributors}},
  title   = {{{SciPy} 1.0: Fundamental Algorithms for Scientific
            Computing in Python}},
  journal = {Nature Methods},
  year    = {2020},
  volume  = {17},
  pages   = {261--272},
  adsurl  = {https://rdcu.be/b08Wh},
  doi     = {10.1038/s41592-019-0686-2},
}

@article{caraballo2019applying,
  title={Applying the random variable transformation method to solve a class of random linear differential equation with discrete delay},
  author={Caraballo, Tom{\'a}s and Cort{\'e}s, J-C and Navarro-Quiles, Ana},
  journal={Applied Mathematics and Computation},
  volume={356},
  pages={198--218},
  year={2019},
  publisher={Elsevier}
}

@article{jornet2021uncertainty,
  title={Uncertainty quantification for the random viscous Burgers’ partial differential equation by using the differential transform method},
  author={Jornet, Marc},
  journal={Nonlinear Analysis},
  volume={209},
  pages={112340},
  year={2021},
  publisher={Elsevier}
}

@article{cybenko1989approximation,
  title={Approximation by superpositions of a sigmoidal function},
  author={Cybenko, George},
  journal={Mathematics of control, signals and systems},
  volume={2},
  number={4},
  pages={303--314},
  year={1989},
  publisher={Springer}
}

@inproceedings{domingos2000unified,
  title={A unified bias-variance decomposition},
  author={Domingos, Pedro},
  booktitle={Proceedings of 17th international conference on machine learning},
  pages={231--238},
  year={2000},
  organization={Morgan Kaufmann Stanford}
}

@article{veprikov2024mathematical,
  title={A Mathematical Model of the Hidden Feedback Loop Effect in Machine Learning Systems},
  author={Veprikov, Andrey and Afanasiev, Alexander and Khritankov, Anton},
  journal={arXiv preprint arXiv:2405.02726},
  year={2024}
}

@inproceedings{veprikov2023matematicheskaya,
    author = {Веприков, А. С. and Афанасьев, А. П. and Хританков, А. С.},
    title = {Математическая модель эффекта обратной связив системах искусственного интеллекта},
    booktitle = {Математические методы распознавания образов: Тезисы докладов 21-й Всероссийской конференции с международным участием, г. Москва},
    year = {2023},
    volume = {12},
    pages = {35--37},
    publisher = {Российская академия наук},
    address = {Москва},
    language = {russian}
}

@article{andrievsky2019theory,
  title={Теория управления (дополнительные главы)},
  author={Андриевский, БР and Балашов, МВ and Бахтадзе, НН and Галяев, АА and Глумов, ВМ and Губко, МВ and Емельянова, ЮП and Карабутов, НН and Коргин, НА and Кудинов, ЮИ and others},
  year={2019},
  publisher={Общество с ограниченной ответственностью" Ленанд"},
  language = {russian}
}

@article{emelyanov2014mathematical,
  title={Математические методы теории управления. Проблемы устойчивости, управляемости и наблюдаемости},
  author={Емельянов, СВ and Ильин, АВ and Коровин, СК and Фомичев, ВВ and Фурсов, АС},
  journal={М.: Физматлит},
  year={2014}
}